@misc{PDS:2016,
  author = {Zikeba, Maciej and Tomczak, Sebastian K and Tomczak, Jakub M},
  title = {Polish companies bankruptcy dataset},
  year = {2016},
  howpublished = {\url{http://archive.ics.uci.edu/ml/datasets/Polish+companies+bankruptcy+data}},
  note = {Data retrieved from University of Science and Technology, Warsaw, Poland},
}

@misc{EMIS:2019,
  title = {{EMIS} Emerging Markets Information Service },
  howpublished = {\url{https://www.emis.com/}},
  note = {Accessed: 2019-01-03}
}

@article{timmerman2005logistic,
  title={Logistic regression model to distinguish between the benign and malignant adnexal mass before surgery: a multicenter study by the International Ovarian Tumor Analysis Group},
  author={Timmerman, Dirk and Testa, Antonia C and Bourne, Tom and Ferrazzi, Enrico and Ameye, Lieveke and Konstantinovic, Maja L and Van Calster, Ben and Collins, William P and Vergote, Ignace and Van Huffel, Sabine and others},
  journal={Journal of Clinical Oncology},
  volume={23},
  number={34},
  pages={8794--8801},
  year={2005},
  publisher={American Society of Clinical Oncology}
}

@article{debella2009spatial,
  title={Spatial prediction of soil classes using digital terrain analysis and multinomial logistic regression modeling integrated in GIS: Examples from Vestfold County, Norway},
  author={Debella-Gilo, Misganu and Etzelm{\"u}ller, Bernd},
  journal={Catena},
  volume={77},
  number={1},
  pages={8--18},
  year={2009},
  publisher={Elsevier}
}

@article{mckelvey1975statistical,
  title={A statistical model for the analysis of ordinal level dependent variables},
  author={McKelvey, Richard D and Zavoina, William},
  journal={Journal of mathematical sociology},
  volume={4},
  number={1},
  pages={103--120},
  year={1975},
  publisher={Taylor \& Francis}
}

@misc{saisree:github,
  author = {Sai Surya Teja Maddikonda, Sree Keerthi Matta},
  title = {Bankruptcy Prediction: Mining The Polish Bankruptcy Data},
  year = {2018},
  howpublished = {\url{https://github.com/smaddikonda/Bankruptcy-Prediction}},
  note = {Project Report for Polish Bankruptcy Prediction Dataset},
}

@misc{python:missinggo,
  author =    {ResidentMario and others},
  title =     {{Missinggo}: Open source missing data visualization module for {Python}},
  year =      {2016--},
  url = "https://github.com/ResidentMario/missingno",
  note = {[Online; accessed 20/12/2018]}
}

@misc{python:seaborn,
  author =    {Michael Waskom and others},
  title =     {{Seaborn}: Open source library for making statistical graphics in  {Python}},
  year =      {2013--},
  url = "https://pypi.org/project/seaborn/",
  note = {[Online; accessed 20/12/2018]}
}

@misc{python:scipy,
  author =    {Eric Jones and Travis Oliphant and Pearu Peterson and others},
  title =     {{SciPy}: Open source scientific tools for {Python}},
  year =      {2001--},
  url = "http://www.scipy.org/",
  note = {[Online; accessed 20/12/2018]}
}

@article{chawla2002smote,
  title={SMOTE: synthetic minority over-sampling technique},
  author={Chawla, Nitesh V and Bowyer, Kevin W and Hall, Lawrence O and Kegelmeyer, W Philip},
  journal={Journal of artificial intelligence research},
  volume={16},
  pages={321--357},
  year={2002}
}

@book{kuhn2013applied,
  title={Applied predictive modeling},
  author={Kuhn, Max and Johnson, Kjell},
  volume={26},
  pages={70},
  year={2013},
  publisher={Springer}
}

@misc{mosteller1968data,
  title={Data Analysis. Including Statistics. Handbook of Social Psychology.(G. Lindzey and E. Aronson, eds.) Vol. 2, Chapter 10, 80-203},
  author={Mosteller, F and Tukey, John W},
  year={1968},
  publisher={Addison-Wesley, Reading. MA}
}

@article{breiman1984classification,
  title={Classification and Regression Trees, 1984: Belmont},
  author={Breiman, L and Friedman, JH and Olshen, RA and Stone, CJ},
  journal={CA: Wadsworth International Group},
  year={1984}
}

@article{gini1912variabilita,
  title={Variabilit{\`a} e mutabilit{\`a}},
  author={Gini, Corrado},
  journal={Reprinted in Memorie di metodologica statistica (Ed. Pizetti E, Salvemini, T). Rome: Libreria Eredi Virgilio Veschi},
  year={1912}
}

@article{guyon2002gene,
  title={Gene selection for cancer classification using support vector machines},
  author={Guyon, Isabelle and Weston, Jason and Barnhill, Stephen and Vapnik, Vladimir},
  journal={Machine learning},
  volume={46},
  number={1-3},
  pages={389--422},
  year={2002},
  publisher={Springer}
}

@inproceedings{jin2006machine,
  title={Machine learning techniques and chi-square feature selection for cancer classification using SAGE gene expression profiles},
  author={Jin, Xin and Xu, Anbang and Bie, Rongfang and Guo, Ping},
  booktitle={International Workshop on Data Mining for Biomedical Applications},
  pages={106--115},
  year={2006},
  organization={Springer}
}

@article{tipping1999probabilistic,
  title={Probabilistic principal component analysis},
  author={Tipping, Michael E and Bishop, Christopher M},
  journal={Journal of the Royal Statistical Society: Series B (Statistical Methodology)},
  volume={61},
  number={3},
  pages={611--622},
  year={1999},
  publisher={Wiley Online Library}
}

@misc{python:arff,
  author =    {ubershmekel},
  title =     {{arff}: Open source library arff file type reader for {Python}},
  year =      {2012--},
  url = "https://code.google.com/archive/p/arff/wikis/Documentation.wiki",
  note = {[Online; accessed 20/12/2018]}
}

@misc{python:pandas,
  author =    {wesm and others},
  title =     {{Pandas}: Open source library providing high-performance, easy-to-use data structures and data analysis tools for for {Python}},
  year =      {2011--},
  url = "https://pandas.pydata.org/",
  note = {[Online; accessed 20/12/2018]}
}

@article{box1964analysis,
  title={An analysis of transformations},
  author={Box, George EP and Cox, David R},
  journal={Journal of the Royal Statistical Society. Series B (Methodological)},
  pages={211--252},
  year={1964},
  publisher={JSTOR}
}

@inproceedings{python:sklearn_api,
  author    = {Lars Buitinck and Gilles Louppe and Mathieu Blondel and
               Fabian Pedregosa and Andreas Mueller and Olivier Grisel and
               Vlad Niculae and Peter Prettenhofer and Alexandre Gramfort
               and Jaques Grobler and Robert Layton and Jake VanderPlas and
               Arnaud Joly and Brian Holt and Ga{\"{e}}l Varoquaux},
  title     = {{API} design for machine learning software: experiences from the scikit-learn
               project},
  booktitle = {ECML PKDD Workshop: Languages for Data Mining and Machine Learning},
  year      = {2013},
  pages = {108--122},
}

@misc{python:imblearn,
  author =    {glemaitre and others},
  title =     {{Imbalanced-learn}: Open source library to Tackle the Curse of Imbalanced Datasets {Python}},
  year =      {2016--},
  url = "https://imbalanced-learn.readthedocs.io/en/stable/",
  note = {[Online; accessed 20/12/2018]}
}

@inproceedings{ho1995random,
  title={Random decision forests},
  author={Ho, Tin Kam},
  booktitle={Document analysis and recognition, 1995., proceedings of the third international conference on},
  volume={1},
  pages={278--282},
  year={1995},
  organization={IEEE}
}

@article{behnel2010cython,
    author={Behnel, S. and Bradshaw, R. and Citro, C. and Dalcin, L. and Seljebotn, D.S. and Smith, K.},
    journal={Computing in Science Engineering},
    title={Cython: The Best of Both Worlds},
    year={2011},
    month=march-april ,
    volume={13},
    number={2},
    pages={31 -39},
    keywords={Cython language;Fortran code;Python language extension;numerical loops;programming language;C language;numerical analysis;},
    doi={10.1109/MCSE.2010.118},
    ISSN={1521-9615},
}

@misc{python:numpy,
  author =    {Travis Oliphant},
  title =     {{NumPy}: A guide to {NumPy}},
  year =      {2006--},
  howpublished = {USA: Trelgol Publishing},
  url = "http://www.numpy.org/",
  note = {[Online; accessed <today>]}
 }